%!TEX root = thesis.tex

@inproceedings{sattar2019towards,
  title={Towards secure slicing: Using slice isolation to mitigate DDoS attacks on 5G core network slices},
  author={Sattar, Danish and Matrawy, Ashraf},
  booktitle={2019 IEEE Conference on Communications and Network Security (CNS)},
  pages={82--90},
  year={2019},
  organization={IEEE}
}

@inproceedings{huang2021trend,
  title={Trend analysis and countermeasure research of ddos attack under 5g network},
  author={Huang, Haiou and Chu, Jianfeng and Cheng, Xiaochun},
  booktitle={2021 IEEE 5th International Conference on Cryptography, Security and Privacy (CSP)},
  pages={153--160},
  year={2021},
  organization={IEEE}
}

@article{zhang2019overview,
  title={An overview of network slicing for 5G},
  author={Zhang, Shunliang},
  journal={IEEE Wireless Communications},
  volume={26},
  number={3},
  pages={111--117},
  year={2019},
  publisher={IEEE}
}

@inproceedings{zhang2017overview,
  title={Overview of 5G security in 3GPP},
  author={Zhang, Xiaowei and Kunz, Andreas and Schr{\"o}der, Stefan},
  booktitle={2017 IEEE conference on standards for communications and networking (CSCN)},
  pages={181--186},
  year={2017},
  organization={IEEE}
}